<?xml version="1.0" encoding="UTF-8"?><collection xmlns="http://www.loc.gov/MARC21/slim"><record><leader>00599nam--2200193-u-4500</leader><controlfield tag="001">000056868</controlfield><controlfield tag="002">20200911</controlfield><controlfield tag="005">20200911030449</controlfield><controlfield tag="008">200911s1000------------r-----000-0-eng-d</controlfield><datafield ind1=" " ind2=" " tag="040"><subfield code="a">IFIN-HH</subfield></datafield><datafield ind1="1" ind2=" " tag="041"><subfield code="a">eng</subfield></datafield><datafield ind1="1" ind2=" " tag="100"><subfield code="a">Sherrill, Bradley M</subfield></datafield><datafield ind1="1" ind2="0" tag="245"><subfield code="a">ENAM 98. Exotic Nuclei and Atomic Masses. Vol 455</subfield><subfield code="c">Bradley, M. Sherrill; David J. Morrissey; Carry N. Davids (eds.)</subfield></datafield><datafield ind1=" " ind2=" " tag="260"><subfield code="a">New York</subfield><subfield code="b">American Institute of Physics</subfield><subfield code="c">1998</subfield></datafield><datafield ind1=" " ind2=" " tag="300"><subfield code="a">XXVI+1054 p</subfield></datafield><datafield ind1=" " ind2=" " tag="500"><subfield code="a">Donatie Acad. Nicolae Victor Zamfir</subfield></datafield><datafield ind1="1" ind2=" " tag="700"><subfield code="a">Davids, Cary N</subfield></datafield><datafield ind1=" " ind2=" " tag="852"><subfield code="a">82800</subfield><subfield code="c">NVZ</subfield></datafield><datafield ind1=" " ind2=" " tag="CAT"><subfield code="a">SYS</subfield><subfield code="c">20200911</subfield><subfield code="h">030449</subfield></datafield></record></collection>